@article{Mak2022,
author = {Mak, Kin Fai and Shan, Jie},
doi = {10.1038/s41565-022-01165-6},
isbn = {4156502201165},
number = {July},
publisher = {Springer US},
title = {{Semiconductor moir{\'{e}} materials}},
volume = {17},
year = {2022}
}
